@inproceedings{kazhdan2006poisson,
  title={Poisson surface reconstruction},
  author={Kazhdan, Michael and Bolitho, Matthew and Hoppe, Hugues}
}
@inproceedings{rusu2011pcl,
  title={3d is here: Point cloud library (pcl)},
  author={Rusu, Radu Bogdan and Cousins, Steve},
  booktitle={2011 IEEE international conference on robotics and automation},
  pages={1--4},
  year={2011},
  organization={IEEE}
}
@inproceedings{barnes2009patchmatch,
  title={PatchMatch: A randomized correspondence algorithm for structural image editing},
  author={Barnes, Connelly and Shechtman, Eli and Finkelstein, Adam and Goldman, Dan B},
  booktitle={ACM Transactions on Graphics (ToG)},
  volume={28},
  number={3},
  pages={24},
  year={2009},
  organization={ACM}
}
@misc{drost2014recognition,
  title={Recognition and pose determination of 3D objects in 3D scenes},
  author={Drost, Bertram Heinrich and Ulrich, Markus},
  year={2014},
  month=sep # "~9",
  publisher={Google Patents},
  note={US Patent 8,830,229}
}
@inproceedings{izadi2011kinectfusion,
  title={KinectFusion: real-time 3D reconstruction and interaction using a moving depth camera},
  author={Izadi, Shahram and Kim, David and Hilliges, Otmar and Molyneaux, David and Newcombe, Richard and Kohli, Pushmeet and Shotton, Jamie and Hodges, Steve and Freeman, Dustin and Davison, Andrew and others},
  booktitle={Proceedings of the 24th annual ACM symposium on User interface software and technology},
  pages={559--568},
  year={2011}
}
@inproceedings{klingensmith2015chisel,
  title={Chisel: Real Time Large Scale 3D Reconstruction Onboard a Mobile Device using Spatially Hashed Signed Distance Fields},
  author={Klingensmith, Matthew and Dryanovski, Ivan and Srinivasa, Siddhartha and Xiao, Jizhong},
  booktitle={Robotics: science and systems},
  volume={4},
  pages={1},
  year={2015}
}
@inproceedings{rusinkiewicz2001efficient,
  title={Efficient variants of the ICP algorithm},
  author={Rusinkiewicz, Szymon and Levoy, Marc},
  booktitle={Proceedings Third International Conference on 3-D Digital Imaging and Modeling},
  pages={145--152},
  year={2001},
  organization={IEEE}
}
@article{schomaker1959fit,
  title={To fit a plane or a line to a set of points by least squares},
  author={Schomaker, V and Waser, J and Marsh, RE t and Bergman, G},
  journal={Acta crystallographica},
  volume={12},
  number={8},
  pages={600--604},
  year={1959},
  publisher={International Union of Crystallography}
}
@inproceedings{quigley2009ros,
  title={ROS: an open-source Robot Operating System},
  author={Quigley, Morgan and Conley, Ken and Gerkey, Brian and Faust, Josh and Foote, Tully and Leibs, Jeremy and Wheeler, Rob and Ng, Andrew Y},
  booktitle={ICRA workshop on open source software},
  volume={3},
  number={3.2},
  pages={5},
  year={2009},
  organization={Kobe, Japan}
}
@online{isysWebsite,
  title={Isys Vision GmbH},
  url={https://www.isys-vision.de/},
  urldate={2020-03-30}
}
@online{mikadoWebsite,
  title={Mikado - 3D Bin Picking System for all applications},
  url={https://www.mikado-robotics.com},
  urldate={2020-03-30}
}
@online{ensensoWebsite,
  title={Ensenso - Stereo 3D Cameras},
  url={https://www.ensenso.com},
  urldate={2020-03-30}
}
@inproceedings{arsalan2017synthesizing,
  title={Synthesizing 3d shapes via modeling multi-view depth maps and silhouettes with deep generative networks},
  author={Arsalan Soltani, Amir and Huang, Haibin and Wu, Jiajun and Kulkarni, Tejas D and Tenenbaum, Joshua B},
  booktitle={Proceedings of the IEEE conference on computer vision and pattern recognition},
  pages={1511--1519},
  year={2017}
}
@inproceedings{redert2006philips,
  title={Philips 3D solutions: From content creation to visualization},
  author={Redert, Andre and Berretty, Robert-Paul and Varekamp, Chris and Willemsen, Oscar and Swillens, Jos and Driessen, Hans},
  booktitle={Third International Symposium on 3D Data Processing, Visualization, and Transmission (3DPVT'06)},
  pages={429--431},
  year={2006},
  organization={IEEE}
}
@phdthesis{strasser1974schnelle,
  title={Schnelle Kurven-und Fl{\"a}chendarstellung auf grafischen Sichtger{\"a}ten},
  author={Stra{\ss}er, Wolfgang},
  year={1974}
}
@article{muller20103,
  title={3-D video representation using depth maps},
  author={Muller, Karsten and Merkle, Philipp and Wiegand, Thomas},
  journal={Proceedings of the IEEE},
  volume={99},
  number={4},
  pages={643--656},
  year={2010},
  publisher={IEEE}
}
@online{pclVoxelGrid,
  title={Downsampling a PointCloud using a VoxelGrid filter},
  url={http://pointclouds.org/documentation/tutorials/voxel_grid.php},
  urldate={2020-04-06}
}
