% This file was created with JabRef 2.9b2.
% Encoding: ISO8859_1

% This citation is from the template
@ARTICLE{Geim2001,
  author = {Geim, A. K. and ter Tisha, H. A. M. S.},
  title = {Detection of earth rotation with a diamagnetically levitating gyroscope},
  journal = {Physica B: Condensed Matter},
  year = {2001},
  volume = {294--295},
  pages = {736--739},
  doi = {10.1016/S0921-4526(00)00753-5},
  quality = {1}
}

% Here my own citations start
@inproceedings{kazhdan2006poisson,
  title={Poisson surface reconstruction},
  author={Kazhdan, Michael and Bolitho, Matthew and Hoppe, Hugues}
}
@inproceedings{rusu20113d,
  title={3d is here: Point cloud library (pcl)},
  author={Rusu, Radu Bogdan and Cousins, Steve},
  booktitle={2011 IEEE international conference on robotics and automation},
  pages={1--4},
  year={2011},
  organization={IEEE}
}
